@phdthesis{sosnowski:compar,
    author =    {Sosnowski, {\L{}}ukasz},
    title =     {Komparatory obiekt\'ow z\l{}ożonych w zastosowaniach do badania podobie\'nstwa i identyfikacji},
    year =         {2015},
    school = {Instytut Bada\'n Systemowych Polskiej Akademii Nauk},
    type = {Rozprawa Doktorska}
}

@incollection{sosnowski:training,
    author =  {Sosnowski, {\L{}}ukasz and {\'S}l\k{e}zak, Dominik},  
    title =    {Learning in Comparator Networks}, 
    year =      {2017},
    booktitle = {Advances in Fuzzy Logic and Technology 2017},
    publisher = {Springer International Publishing}  
}

@phdthesis{pawlak,
    author =    {Pawlak, Micha\l{}},
    title =     {Poszukiwanie i analiza statystyczna układ\'ow
    podw\'ojnych w Ob\l{}okach Magellana},
    year =         {2017},
    school = {Uniwersytet Warszawski},
    type = {Rozprawa Doktorska}
}

@article{pichara:meta,
    author = {Pichara, Karim and Protopapas, Pavlos and Le{\'o}n, Daniel},   
    title =     {Meta classification for variable stars},
    year = {2016},     
    journal =   {The Astrophysical Journal},
    volume =    {819},
    number =    {1}
}

@article{richards:cesium,
    author = {Richards, Joseph W. and Starr, Dan L. and Butler, Nathaniel R. and Bloom, Joshua S. and Brewer, John M. and Crellin-Quick, Arien and Higgins, Justin and Kennedy, Rachel And Rischard, Maxime},   
    title =     {On machine-learned classification of variable stars with sparse and noist time-series data},
    year = {2011},     
    journal =   {The Astrophysical Journal},
    volume =    {733},
    number =    {1}
}

@article{hartman:vartools,
    author =    {Hartman, Joel D. and Bakos, G{\'a}sp{\'a}r {\'A}},   
    title =     {Vartools: A program for analyzing astronomical time-series data},
    year =      {2016},     
    journal =   {Astronomy and Computing},
    volume =    {17},
}

@article{huijse:pipeline,
    author =    {Protopapas, Pavlos and Huijse Pablo and Est{\'e}ves, Pablo A. and Zegers, Pablo and Pr{\'i}ncipe, Jos{\'e} C. and Marquette, Jean-Baptiste},   
    title =     {A novel, fully automated pipeline for period estimation in the EROS 2 data set},
    year = {2014},     
    journal =   {The Astrophysical Journal Supplement Series},
    volume =    {216},
    number =    {2}
}

@phdthesis{huijse:ckp,
    author =    {Huijse, Pablo},
    title =     {Finding periodicities in astronomical light curves using information theoretic learning},
    year =      {2014},
    school =    {Universidad de Chile},
    type =      {Rozprawa Doktorska}
}

@article{kim:epoch,
    author =    {Kim, Dae-Won and Protopapas, Pavlos and Bailer-Jones Coryn A. L. and Byun Yong-Ik and Chang Seo-Won and Marquette Jean-Baptiste and Shin Min-Su},   
    title =     {The EPOCH project},
    year =      {2014},     
    journal =   {Astronomy \& Astrophysics},
    volume =    566},
    number =    {A43}
}

@article{kim:upsilon,
    author =    {Kim, Dae-Won and Bailer-Jones, Coryn A. L.},   
    title =     {A Package for the Automated Classification of Periodic
    Variable Stars},
    year =      {2016},     
    journal =   {Astronomy \& Astrophysics},
    volume =    {587},
number =    {A18}
}

@article{kovacs:box-fitting,
    author =    {Kovacs, Geza and Zucker, Shay and Mazeh, T.},   
    title =     {A box-fitting algorithm in the search for periodic transits},
    year =      {2002},     
    journal =   {Astronomy \& Astrophysics},
    volume =    {391},
    number =    {1}
}

@article{kremer:bigubigd,
    author =    {Kremer, Jan and Stensbo-Smidt, Kristoffer and Gieseke, Fabian, and Steenstrup Pedersen, Kim and Igel, Christian},   
    title =     {Big Universe, Big Data: Machine Learning and Image Analysis for Astronomy},
    year =      {2017},     
    journal =   {IEEE Intelligent Systems},
    volume =    {32},
    number =    {2}
}

@article{mackenzie:clustering,
    author =    {Mackenzie, Crist{\'o}bal and Pichara, Karim and Protopapas, Pavlos},   
    title =     {Clustering based feature learning on variable stars},
    year =      {2016},     
    journal =   {The Astrophysical Journal},
    volume =    {820},
    number =    {2}
}

@article{wyrzykowski:ogle-machos,
    author =    {Wyrzykowski, {\L{}}. and Koz{\l{}}owski, S. and Skowron, J. and Udalski, A. and Szyma{\'n}ski, M. K. and Kubiak, M. and Pietrzy{\'n}ski, G. and Soszy{\'n}ski, Igor and Szewczyk, O. and Ulaczyk, K. and Poleski, R.},   
    title =     {The OGLE View of Microlensing towards the Magellanic
    Clouds. III. Ruling out sub-solar MACHOs with the
    OGLE-III LMC data.},
    year =      {2011},     
    journal =   {Monthly Notices of the Royal Astronomical Society},
    volume =    {413},
    number =    {2}
}

@inproceedings{zhang:clustering,
    author =    {Zhang, Yanxia and Xhao Yongheng},   
    title =     {Automated Clustering Algorithms for Classification of
    Astronomical Objects},
    year =      {2004},     
}

@article{pietrzynski:ogle-distance,
    author =    {Pietrzy{\'n}ski, G. and Graczyk, D. and Gieren, W. and Thompson, I. B. and Pilecki, B. and Udalski, A. and Soszy{\'n}ski, Igor and Koz{\l{}}owski, S. and Konorski, P. and Suchomska, K. and Bono, G. and Prada Moroni, P. G. and Villanova, S. and Nardetto, N. and Bresolin, F. and Kudritzki, R. P. and Storm, J. and Gallenne, A. and Smolec, R. and Minniti, D. and Kubiak, M. and Szyma{\'n}ski, M. K. and Poleski, R. and Ulaczyk, K. and Pietrukowicz, P. and G{\'o}rski, M. and Karczmarek, P.},   
    title =     {An eclipsing-binary distance to the Large Magellanic Cloud accurate to two per cent},
    year =      {2013},     
    journal =   {Nature},
    volume =    {495},
    number =    {}
}

@article{masci:periodic-classification,
    author =    {Masci, Frank J. and Hoffman, Douglas I. and Grillmair, Carl J. and Cutri, Roc M.},   
    title =     {Automated Classification of Periodic Variable Stars detected
    by the Wide-field Infrared Survey Explorer},
    year =      {2014},     
    journal =   {The Astronomical Journal},
    volume =    {148},
    number =    {1}
}

@article{zinn:periodic-classification,
    author =    {Zinn, J. C. and Kochanek, C. S. and Koz{\l{}}owski, S. and Udalski, A. and Szyma{\'n}ski, M. K. and Soszy{\'n}ski, Igor and Wyrzykowski, {\L{}}. and Ulaczyk, K. and Poleski, R. and Pietrukowicz, P. and Skowron, J. and Mr{\'o}z, P. and Pawlak, M.},
    title =     {Variable classification in the LSST era: Exploring a model for quasi-periodic light curves},
    year =      {2017},     
    journal =   {Monthly Notices of the Royal Astronomical Society},
    volume =    {468},
    number =    {2}
}

@article{wang:periodic-classification,
    author =    {Wang, Yuang and Khadron, Roni and Protopapas, Pavlos},
    title =     {Nonparametric Bayesian estimation of periodic lightcurves},
    year =      {2012},     
    journal =   {The Astrophysical Journal},
    volume =    {756},
    number =    {1}
}

@article{sokolovsky:vast,
    author =    {Sokolovsky, Kirill V. and Lebedev, Alexandr A.},
    title =     {VaST: a variability search toolkit},
    year =      {2017},  
    journal =   {Astronomy and Computing}   
}

@article{marteau:twed,
    author =    {Marteau, Pierre-Francois},
    title =     {Time Warp Edit Distance with Stiffness Adjustment for Time Series Matching},
    year =      {2009},     
    journal =   {IEEE Transactions on Pattern Analysis and Machine Intelligence},
    volume =    {31},
    number =    {2}
}

@article{palmer:fast-chi,
    author =    {Palmer, David M.},
    title =     {A fast chi-squared technique for period search of irregularly smapled data},
    year =      {2009},     
    journal =   {The Astrophysical Journal},
    volume =    {695},
    number =    {1}
}

@article{nun:periodic-features,
    author =    {Nun, Isadora and Protopapas, Pavlos and Sim, Brandon and Zhu, Ming and Dave, Rahul and Castro, Nicolas and Pichara, Karim},
    title =     {FATS: Feature Analysis for Time Series},
    year =      {2015},     
    journal =   {ArXiv e-prints},
    archivePrefix = {arXiv},
    eprint = {1506.00010},
    primaryClass = {astro-ph.IM},
}

@article{pichara:periodic-classification,
    author={Pichara, Karim and Protopapas, Pavlos},
    title={Automatic Classification of Variable Stars in Catalogs with Missing Data},
    journal={The Astrophysical Journal},
    volume={777},
    number={2},
    year={2013},
}

@article{nun:anomaly-detection,
    author =    {Nun, Isadora and Protopapas, Pavlos and Kim, Dae-Won and Pichara, Karim},
    title =     {Supervised Detection of Anomalous Light Curves in Massive Astronomical Catalogs},
    year =      {2014},     
    journal =   {The Astrophysical Journal},
    volume =    {793},
    number =    {1},
}

@article{pashchenko:periodic-classification,
    author =    {Pashchenko, Ilya N. and Sokolovsky, Kirill V. and Gavras Panagiotis},
    title =     {Machine learning search for variable stars},
    year =      {2017},     
    journal =   {Monthly Notices of the Royal Astronomical Society},
    volume =    {},
    number =    {},
    pages =     {stx3222}
}

@article{udalski:ogle-phase4,
    author =    {Udalski, A. and Szyma{\'n}ski, M. K. and Szyma{\'n}ski, G.},   
    title =     {OGLE-IV: Fourth Phase of the Optical Gravitational Lensing Experiment},
    year =      {2015},     
    journal =   {Acta Astronomica},
    volume =    {65},
    number =    {}
}

@article{pietrzynski:ogle-distance,
    author =    {Pawlak, M. and Udalski, A. and Soszy{\'n}ski, Igor and Kubiak, M. and Szyma{\'n}ski, M. K. and Poleski, R. and Ulaczyk, K. and Pietrukowicz, P. and Wyrzykowski, {\L{}}. and Koz{\l{}}owski, S. and Skowron, D. S. and Mr{\'o}z, P. and Hamanowicz, A.},   
    title =     {The OGLE Collection of Variable Stars. Eclipsing Binaries in the Magellanic System},
    year =      {2016},     
    journal =   {Acta Astronomica},
    volume =    {66},
    number =    {}
}

@article{soszynski:ogle-ceps-center,
    author =    {Soszy{\'n}ski, Igor and Pawlak, M. and Udalski, A. and Kubiak, M. and Szyma{\'n}ski, M. K. and Poleski, R. and Ulaczyk, K. and Pietrukowicz, P. and Wyrzykowski, {\L{}}. and Koz{\l{}}owski, S. and Skowron, D. S. and Skowron, J. and Mr{\'o}z, P. and Hamanowicz, A. and Rybicki, K. and Jacyszyn-Dobrzeniecka, A.},   
    title =     {The OGLE Collection of Variable Stars.
    Classical, Type II, and Anomalous Cepheids
    toward the Galactic Center},
    year =      {2017},     
    journal =   {Acta Astronomica},
    volume =    {67},
    number =    {}
}

@article{soszynski:ogle-ceps-mag,
    author =    {Soszy{\'n}ski, Igor and Pawlak, M. and Udalski, A. and Poleski, R. and Ulaczyk, K. and Pietrukowicz, P. and Wyrzykowski, {\L{}}. and Koz{\l{}}owski, S. and Skowron, D. S. and Skowron, J. and Mr{\'o}z, P. and Hamanowicz, A. and Rybicki, K.},   
    title =     {The OGLE Collection of Variable Stars.
    Classical, Type II, and Anomalous Cepheids
    toward the Galactic Center},
    year =      {2015},     
    journal =   {Acta Astronomica},
    volume =    {65},
    number =    {}
}

@article{richards:periodic-classification,
    author = {Richards, Joseph W. and Starr, Dan L. and Butler, Nathaniel R. and Bloom, Joshua S. and Miller, Adam A. and Brink, Henrik and Crellin-Quick, Arien},   
    title =     {On machine-learned classification of variable stars with sparse and noist time-series data},
    year = {2011},     
    journal =   {The Astrophysical Journal},
    volume =    {733},
    number =    {1}
}